/mnt/c/Users/Alexander/Documents/Mendeley/thesis.bib